@article{akerlof1970vthe,
  title={The Market for Lemons: Qualitative Uncertainty and the Market MechanismV},
  author={Akerlof, George},
  journal={Quarterly Journal of Economics},
  volume={84},
  year={1970}
}

@article{johansen1988statistical,
  title={Statistical analysis of cointegration vectors},
  author={Johansen, S{\o}ren},
  journal={Journal of economic dynamics and control},
  volume={12},
  number={2},
  pages={231--254},
  year={1988},
  publisher={Elsevier}
}